@article {Pfe2016,
    AUTHOR = {Mal\'{y}, Jan and Pfeffer, Washek F.},
     TITLE = {Henstock-{K}urzweil integral on {BV} sets},
   JOURNAL = {Math. Bohem.},
  FJOURNAL = {Academy of Sciences of the Czech Republic. Mathematical
              Institute. Mathematica Bohemica},
    VOLUME = {141},
      YEAR = {2016},
    NUMBER = {2},
     PAGES = {217--237},
      ISSN = {0862-7959},
   MRCLASS = {26B20 (28A25)},
  MRNUMBER = {3499785},
MRREVIEWER = {Zbigniew Grande},
       DOI = {10.21136/MB.2016.16},
       URL = {https://doi-org.ludwig.lub.lu.se/10.21136/MB.2016.16},
}

@article {Pfe1992,
    AUTHOR = {Pfeffer, Washek F.},
     TITLE = {A {R}iemann type definition of a variational integral},
   JOURNAL = {Proc. Amer. Math. Soc.},
  FJOURNAL = {Proceedings of the American Mathematical Society},
    VOLUME = {114},
      YEAR = {1992},
    NUMBER = {1},
     PAGES = {99--106},
      ISSN = {0002-9939},
   MRCLASS = {26A42 (49Q20)},
  MRNUMBER = {1072090},
MRREVIEWER = {B. Bongiorno},
       DOI = {10.2307/2159788},
       URL = {https://doi-org.ludwig.lub.lu.se/10.2307/2159788},
}

@book {Pfe2001,
    AUTHOR = {Pfeffer, Washek F.},
     TITLE = {Derivation and integration},
    SERIES = {Cambridge Tracts in Mathematics},
    VOLUME = {140},
 PUBLISHER = {Cambridge University Press, Cambridge},
      YEAR = {2001},
     PAGES = {xvi+266},
      ISBN = {0-521-79268-1},
   MRCLASS = {26A39 (26-01 26A42 28A12)},
  MRNUMBER = {1816996},
MRREVIEWER = {Ralph Henstock},
       DOI = {10.1017/CBO9780511574764},
       URL = {https://doi-org.ludwig.lub.lu.se/10.1017/CBO9780511574764},
}
