@book {CohnMT,
    AUTHOR = {Cohn, Donald L.},
     TITLE = {Measure theory},
    SERIES = {Birkh\"{a}user Advanced Texts: Basler Lehrb\"{u}cher. [Birkh\"{a}user
              Advanced Texts: Basel Textbooks]},
   EDITION = {Second},
 PUBLISHER = {Birkh\"{a}user/Springer, New York},
      YEAR = {2013},
     PAGES = {xxi+457},
      ISBN = {978-1-4614-6955-1; 978-1-4614-6956-8},
   MRCLASS = {28-01},
  MRNUMBER = {3098996},
MRREVIEWER = {Ville Suomala},
       DOI = {10.1007/978-1-4614-6956-8},
       URL = {https://doi-org.ludwig.lub.lu.se/10.1007/978-1-4614-6956-8},
}
